@article{zombie2009brains,
    title={Brains: A retrospective study of zombie cognition},
    author={Doe, John and Smith, Jane},
    journal={Journal of Undead Studies},
    volume={13},
    number={4},
    pages={666--678},
    year={2009},
    publisher={Apocalypse Press}
}

@book{infinitecoffee2020coding,
    title={Infinite Coffee and the Programmer's Guide to the Galaxy},
    author={Coder, Alice and Debugger, Bob},
    year={2020},
    publisher={Nerdy Books Publishing}
}

@inproceedings{cat2021keyboard,
    title={The Impact of Cats on Keyboard Input: A Statistical Analysis},
    author={Whiskers, Fluffy and Paws, Mittens},
    booktitle={Proceedings of the International Conference on Feline Interference},
    year={2021},
    pages={42--49},
    publisher={Catnip Press}
}